

@article{pulliam2000relationship,
  title={On the relationship between niche and distribution},
  author={Pulliam, H Ronald},
  journal={Ecology letters},
  volume={3},
  number={4},
  pages={349--361},
  year={2000},
  publisher={Wiley Online Library}
}

@article{keller2004red,
  title={From red lists to species of conservation concern},
  author={Keller, Verena and Bollmann, Kurt},
  journal={Conservation Biology},
  volume={18},
  number={6},
  pages={1636--1644},
  year={2004},
  publisher={Wiley Online Library}
}

@article{rodrigues2006value,
  title={The value of the IUCN Red List for conservation},
  author={Rodrigues, Ana SL and Pilgrim, John D and Lamoreux, John F and Hoffmann, Michael and Brooks, Thomas M},
  journal={Trends in ecology \& evolution},
  volume={21},
  number={2},
  pages={71--76},
  year={2006},
  publisher={Elsevier}
}

@article{white2013conservation,
  title={Conservation of avian diversity in the Sierra Nevada: moving beyond a single-species management focus},
  author={White, Angela M and Zipkin, Elise F and Manley, Patricia N and Schlesinger, Matthew D},
  journal={PloS one},
  volume={8},
  number={5},
  pages={e63088},
  year={2013},
  publisher={Public Library of Science}
}


@article{mackenzie_estimating_2002,
	title = {Estimating site occupancy rates when detection probabilities are less than one},
	volume = {83},
	url = {http://www.esajournals.org/doi/abs/10.1890/0012-9658(2002)083%5B2248:ESORWD%5D2.0.CO%3B2},
	number = {8},
	urldate = {2016-01-13},
	journal = {Ecology},
	author = {MacKenzie, Darryl I. and Nichols, James D. and Lachman, Gideon B. and Droege, Sam and Andrew Royle, J. and Langtimm, Catherine A.},
	year = {2002},
	pages = {2248--2255},
	file = {[PDF] de uvm.edu:/home/derek/.zotero/zotero/b7w3ygs6.default/zotero/storage/HSJAQTQG/MacKenzie et al. - 2002 - Estimating site occupancy rates when detection pro.pdf:application/pdf;Snapshot:/home/derek/.zotero/zotero/b7w3ygs6.default/zotero/storage/G45M4BNP/abstract.html:text/html}
}

@article{crosby2015looking,
  title={Looking beyond rare species as umbrella species: Northern Bobwhites (Colinus virginianus) and conservation of grassland and shrubland birds},
  author={Crosby, Andrew D and Elmore, R Dwayne and Leslie, David M and Will, Rodney E},
  journal={Biological Conservation},
  volume={186},
  pages={233--240},
  year={2015},
  publisher={Elsevier}
}

@article{bichet2016maintaining,
  title={Maintaining animal assemblages through single-species management: the case of threatened caribou in boreal forest},
  author={Bichet, Orph{\'e} M and Dupuch, Ang{\'e}lique and H{\'e}bert, Christian and Le Borgne, H{\'e}l{\`e}ne and Fortin, Daniel},
  journal={Ecological Applications},
  year={2016},
  publisher={Wiley Online Library}
}

@article{branton2011assessing,
  title={Assessing the Value of the Umbrella-Species Concept for Conservation Planning with Meta-Analysis},
  author={Branton, Margaret and Richardson, John S},
  journal={Conservation Biology},
  volume={25},
  number={1},
  pages={9--20},
  year={2011},
  publisher={Wiley Online Library}
}

@article{roberge2004usefulness,
  title={Usefulness of the umbrella species concept as a conservation tool},
  author={ROBERGE, JEAN-MICHEL and Angelstam, PER},
  journal={Conservation Biology},
  volume={18},
  number={1},
  pages={76--85},
  year={2004},
  publisher={Wiley Online Library}
}

@article{zohmann2013modelling,
  title={Modelling habitat suitability for alpine rock ptarmigan (Lagopus muta helvetica) combining object-based classification of IKONOS imagery and Habitat Suitability Index modelling},
  author={Zohmann, Margit and Pennerstorfer, Josef and Nopp-Mayr, Ursula},
  journal={Ecological modelling},
  volume={254},
  pages={22--32},
  year={2013},
  publisher={Elsevier}
}